@article{Jungloid,
 author = {Mandelin, David and Xu, Lin and Bod\'{\i}k, Rastislav and Kimelman, Doug},
 title = {Jungloid mining: helping to navigate the API jungle},
 journal = {SIGPLAN Not.},
 volume = {40},
 issue = {6},
 month = {June},
 year = {2005},
 pages = {48--61},
 numpages = {14},
 acmid = {1065018},
 address = {New York, NY, USA},
 keywords = {mining, program synthesis, reuse},
}

@article{Ctags,
 title = {IEEE Standard 1003.1-2008},
}

@unpublished{Vs.php,
 author = {jcx.software},
 title = {{VS.Php}},
 note = {http://www.jcxsoftware.com/vs.php},
}

@unpublished{JScript,
 author = {Microsoft},
 title = {{JScript Intellisense}},
 note = {http://msdn.microsoft.com/en-us/library/bb385682.aspx},
}

@inproceedings{Mapping,
 author = {Misek, Jakub and Zavoral, Filip},
 title = {Mapping of Dynamic Language Constructs into Static Abstract Syntax Trees},
 booktitle = {ICIS '10},
 year = {2010},
 pages = {625--630},
 numpages = {6},
 acmid = {1905040},
 keywords = {dynamic language, code analysis, IntelliSense, prediction, PHP, abstract syntax tree},
}

@inproceedings{History,
 author = {Robbes, R. and Lanza, M.},
 title = {How Program History Can Improve Code Completion},
 booktitle = {ASE '08},
 year = {2008},
 pages = {317--326},
 numpages = {10},
 acmid = {1642968},
 keywords = {pattern matching, code completion, productivity tool},
}

@article{Reconstruction,
 author = {Pluquet, Fr\'{e}d\'{e}ric and Marot, Antoine and Wuyts, Roel},
 title = {Fast type reconstruction for dynamically typed programming languages},
 journal = {SIGPLAN Not.},
 volume = {44},
 issue = {12},
 month = {October},
 year = {2009},
 pages = {69--78},
 numpages = {10},
 acmid = {1640145},
 keywords = {development environments, dynamic programming languages, type inference, type reconstruction},
}

@incollection{Semantic,
   title = {Syntactic and Semantic Prediction in Dynamic Languages},
   booktitle = {SERA 2009},
   keyword = {Engineering},
   pages = {59-70},
   volume = {253},
   year = {2009}
}

@inproceedings{BCC,
  added-at = {2009-11-17T00:00:00.000+0100},
  author = {Pletcher, David M. and Hou, Daqing},
  biburl = {http://www.bibsonomy.org/bibtex/234d4776af37fc40089efabc4c600d916/dblp},
  booktitle = {ICSM},
  crossref = {conf/icsm/2009},
  date = {2009-11-17},
  description = {dblp},
  ee = {http://dx.doi.org/10.1109/ICSM.2009.5306289},
  interhash = {1d87292b1144f6b32f726c58801866f6},
  intrahash = {34d4776af37fc40089efabc4c600d916},
  keywords = {dblp},
  pages = {393-394},
  timestamp = {2009-11-17T00:00:00.000+0100},
  title = {BCC: Enhancing code completion for better API usability.},
  year = 2009
}

@inproceedings{Abbreviated,
 author = {Han, Sangmok and Wallace, David R. and Miller, Robert C.},
 title = {Code Completion from Abbreviated Input},
 booktitle = {ASE '09},
 year = {2009},
 pages = {332--343},
 numpages = {12},
 acmid = {1747530},
 keywords = {Code Completion, Hidden Markov Model, Abbreviation, Multiple Keywords, Code Assistants, Data Mining},
}

@inproceedings{Examples,
 author = {Bruch, Marcel and Monperrus, Martin and Mezini, Mira},
 title = {Learning from examples to improve code completion systems},
 booktitle = {ESEC/FSE '09},
 year = {2009},
 pages = {213--222},
 numpages = {10},
 acmid = {1595728},
 keywords = {code completion, code recommender, content assist, integrated development environment},
}

@inproceedings{Towards,
 author = {Hou, Daqing and Pletcher, David M.},
 title = {Towards a better code completion system by API grouping, filtering, and popularity-based ranking},
 booktitle = {RSSE '10},
 year = {2010},
 pages = {26--30},
 numpages = {5},
 acmid = {1808926},
}